@inproceedings{confbib1,
  author = {Фамилия, И. О.},
  title = {название тезисов конференции},
  booktitle = {Название сборника},
  year = {2015},
  language = {russian},
  authorconf = {true},
}

@CONFERENCE{confbib2,
  author = {Фамилия, И. О.},
  title = {название тезисов конференции},
  booktitle = {Название сборника},
  year = {2015},
  language = {russian},
  authorconf = {true},
}

@ARTICLE{bib1,
  author = {Фамилия, И. О.},
  title = {Название статьи},
  journal = {Журнал},
  year = {2012},
  volume = {1},
  pages = {100},
  language = {russian},
  authorother = {true},
  authorconf = {true},
}

@CONFERENCE{bib2,
  author = {Фамилия, И. О.},
  title = {название тезисов конференции},
  booktitle = {Название сборника},
  year = {2012},
  language = {russian},
  authorconf = {true},
}

@ARTICLE{scbib1,
  author = {Фамилия, И. О. and Фамилия2, И. О. and Фамилия3, И. О.},
  title = {Название статьи},
  journal = {Журнал},
  year = {2018},
  volume = {2},
  number = {1},
  pages = {99--102},
  language = {russian},
  authorscopus = {true},
  authorwos = {true},
  addendum = {(Scopus, WoS)},
}

@ARTICLE{vakbib1,
  author = {Фамилия, И. О. and Фамилия2, И. О. and Фамилия3, И. О.},
  addendum = {(0,28~п.~л.; ВАК, WoS)},
  title = {Название статьи},
  journal = {Журнал},
  year = {2013},
  volume = {1},
  number = {5},
  pages = {100--120},
  language = {russian},
  authorvak = {true},
  authorwos = {true},
}

@ARTICLE{vakbib2,
  author = {Фамилия, И. О. and Фамилия2, И. О. and Фамилия3, И. О. and Фамилия4, И. О.},
  addendum = {(0,33~п.~л.~/ 0,28~п.~л.; ВАК)},
  title = {Название статьи},
  journal = {Журнал},
  year = {2014},
  volume = {1},
  number = {5},
  pages = {100--120},
  language = {russian},
  authorvak = {true},
}

@ARTICLE{wosbib1,
  author = {Фамилия, И. О. and Фамилия2, И. О. and Фамилия3, И. О.},
  addendum = {(0,21~п.~л., WoS)},
  title = {Название статьи},
  journal = {Журнал},
  year = {2011},
  volume = {1},
  number = {8},
  pages = {105--120},
  language = {russian},
  authorwos = {true},
}

@inproceedings{belyaeva2023dedoc,
  title={Dedoc: A Universal System for Extracting Content and Logical Structure From Textual Documents},
  author={Belyaeva, Oksana and Bogatenkova, Anastasiia and Turdakov, Denis},
  booktitle={2023 Ivannikov Ispras Open Conference (ISPRAS)},
  pages={20--25},
  year={2023},
  organization={IEEE}
}
@inproceedings{bogatenkova2022ispras,
  title={ISPRAS@ FinTOC-2022 shared task: Two-stage TOC generation model},
  author={{Bogatenkova, Anastasiia and Belyaeva, Oksana Vladimirovna and Perminov, Andrew Igorevich and Kozlov, Ilya Sergeevich}},
  booktitle={Proceedings of the 4th Financial Narrative Processing Workshop@ LREC2022},
  pages={89--94},
  year={2022}
}
@inproceedings{kozlov2021ispras,
  title={Ispras@ fintoc-2021 shared task: Two-stage toc generation model},
  author={{Kozlov, Ilya and Belyaeva, Oksana and Bogatenkova, Anastasiya and Perminov, Andrew}},
  booktitle={Proceedings of the 3rd Financial Narrative Processing Workshop},
  pages={81--85},
  year={2021}
}
@inproceedings{belyaeva2024automatic,
  title={Automatic verification of the text layer correctness in PDF documents},
  author={Belyaeva, Oksana V and Golodkov, Aleksandr and Bukhatov, Bekzat},
  booktitle={2024 Ivannikov Memorial Workshop (IVMEM)},
  pages={1--7},
  year={2024},
  organization={IEEE}
}
@article{golodkov2023real,
  title={Real application of CNN interpretation methods: document image classification model errors detection and validation},
  author={{Golodkov, Alexander Olegovich and Belyaeva, Oksana Vladimirovna and Perminov, Andrey Igorevich}},
  journal={Труды института системного программирования РАН},
  volume={35},
  number={2},
  pages={7--18},
  year={2023},
  publisher={Институт системного программирования им. ВП Иванникова Российской академии наук}
}
@article{bogatenkova2020logical,
  title={Logical structure extraction from scanned documents},
  author={{Bogatenkova, Anastasiya Olegovna and Kozlov, Ilya Sergeyevich and Belyaeva, Oksana Vladimirovna and Perminov, Andrey Igorevich}},
  journal={Proceedings of the Institute for System Programming of the RAS},
  volume={32},
  number={4},
  pages={175--188},
  year={2020},
  publisher={Institute for System Programming of the Russian Academy of Sciences}
}
@article{perminov2020synthetic,
  title={Synthetic data usage for document segmentation models fine-tuning. Trudy ISP RAN},
  author={{Belyaeva, OV and Perminov, AI and Kozlov, IS}},
  journal={Proc. ISP RAS},
  volume={32},
  number={4},
  pages={189--202},
  year={2020}
}
@article{perminov2022loss,
  title={Loss functions for train document image segmentation models},
  author={{Perminov, Andrey Igorevich and TURDAKOV, Denis Yurievich and Belyaeva, Oksana Vladimirovna}},
  journal={Proceedings of the Institute for System Programming of the RAS (Proceedings of ISP RAS)},
  volume={34},
  number={2},
  pages={89--110},
  year={2022}
}
@inproceedings{akopyan2019text,
  title={Text recognition on images from social media},
  author={{Akopyan, MS and Belyaeva, OV and Plechov, TP and Turdakov, DY}},
  booktitle={2019 Ivannikov Memorial Workshop (IVMEM)},
  pages={3--6},
  year={2019},
  organization={IEEE}
}
@article{bogatenkova2023generation,
  title={Generation of images with handwritten text in Russian},
  author={{Bogatenkova, Anastasiya Olegovna and Belyaeva, Oksana Vladimirovna and Perminov, Andrey Igorevich}},
  journal={Proceedings of the Institute for System Programming of the RAS (Proceedings of ISP RAS)},
  volume={35},
  number={2},
  pages={19--34},
  year={2023}
}










