@Patent{patbib1,
  heading =      {Заявка 1234567 Рос. федерация, МПК\ensuremath{^7} B 64 G 1/00},
  author =       {Иванов, И. И.},
  authortype =   {Российская Федерация},
  title =        {Многоразовая ракета-носитель},
  media =        {text},
  holder =       {заявитель Технологические технологии},
  credits =      {патент. поверенный Егорова Г. Б.},
  reqnumber =    {2000108705/28},
  date =         {2020-01-03},
  publdate =     {2020-01-02},
  publication =  {Бюл. № 7 (I ч.)\midsentence},
  prdate =       {2020-01-01},
  prnumber =     {09/289, 037},
  prcountry =    {countryru},
  pagetotal =    {5 с.~: ил.},
  language =     {russian},
  authorpatent = {yes},
}

@Patent{progbib0,
  heading =      {Свидетельство о гос. регистрации программы для {ЭВМ}},
  author =       {Петров, П. П.},
  title =        {foobar},
  media =        {text},
  holder =       {НИИ~ГДААДАВБА},
  reqnumber =    1234567890,
  publdate =     {2020-01-02},
  date =         {2020-01-01},
  prnumber =     1234567890,
  prcountry =    {countryru},
  language =     {russian},
  authorprogram ={yes},
}


@Patent{progbib1,
  heading =      {Свидетельство о гос. регистрации программы для {ЭВМ}},
  author =       {{Беляева О.В. и Богатенкова А.О. и Перминов А.И. и Голодков А.О. и Шевцов Н.C. и Рахматуллаев Т.А. и Михайлов А.А. и Зыкин Я.И.}},
  title =        {Puredoc: сервис обработки изображений документов},
  media =        {text},
  holder =       {ИСП РАН},
  reqnumber =    2023688256,
  publdate =     {15.12.2023},
  date =         {15.12.2023},
  prcountry =    {countryru},
  language =     {russian},
  authorprogram ={yes},
}


@Patent{progbib2,
  heading =      {Свидетельство о гос. регистрации программы для {ЭВМ}},
  author =       {{Козлов И.С. и Беляева О.В. и Богатенкова А.О. и Перминов А.И.}},
  title =        {Docreader},
  media =        {text},
  holder =       {ИСП РАН},
  reqnumber =    2020666950,
  publdate =     {21.12.2020},
  date =         {21.12.2020},
  prcountry =    {countryru},
  language =     {russian},
  authorprogram ={yes},
}

@Patent{progbib3,
  heading =      {Свидетельство о гос. регистрации программы для {ЭВМ}},
  author =       {{Козлов И.С. и Беляева О.В. и Богатенкова А.О. и Перминов А.И.}},
  title =        {Dedoc},
  media =        {text},
  holder =       {ИСП РАН},
  reqnumber =    2020667079,
  publdate =     {21.12.2020},
  date =         {21.12.2020},
  prcountry =    {countryru},
  language =     {russian},
  authorprogram ={yes},
}